<?xml version="1.0" encoding="UTF-8"?><collection xmlns="http://www.loc.gov/MARC21/slim"><record><leader>00536nam--2200193-i-4500</leader><controlfield tag="001">000037539</controlfield><controlfield tag="002">20161230</controlfield><controlfield tag="005">20170307082707</controlfield><controlfield tag="008">060222s1000------------r-----000-0-fre-d</controlfield><datafield ind1=" " ind2=" " tag="040"><subfield code="a">IFIN-HH</subfield></datafield><datafield ind1=" " ind2=" " tag="041"><subfield code="a">fre</subfield></datafield><datafield ind1=" " ind2=" " tag="080"><subfield code="a">533.9</subfield></datafield><datafield ind1="1" ind2=" " tag="100"><subfield code="a">Quemada, Daniel</subfield></datafield><datafield ind1="1" ind2="0" tag="245"><subfield code="a">Ondes dans les plasmas physique spariale</subfield><subfield code="c">Daniel, Quemada</subfield></datafield><datafield ind1=" " ind2=" " tag="260"><subfield code="a">Paris, Collection Methodes, 1968,</subfield></datafield><datafield ind1=" " ind2=" " tag="300"><subfield code="a">382P</subfield></datafield><datafield ind1="0" ind2=" " tag="490"><subfield code="a">Collection De Physique Du Centre National D'Etudes Spatiales</subfield></datafield><datafield ind1=" " ind2=" " tag="852"><subfield code="a">77182</subfield><subfield code="c">533.9</subfield></datafield><datafield ind1=" " ind2=" " tag="CAT"><subfield code="a">SYS</subfield><subfield code="c">20170307</subfield><subfield code="h">082707</subfield></datafield></record></collection>